







@article{doi:10.1021/acs.chemrev.9b00518,
author = {Ashfold, Michael N. R. and Goss, Jonathan P. and Green, Ben L. and May, Paul W. and Newton, Mark E. and Peaker, Chloe V.},
title = {Nitrogen in Diamond},
journal = {Chemical Reviews},
volume = {120},
number = {12},
pages = {5745-5794},
year = {2020},
doi = {10.1021/acs.chemrev.9b00518},
    note ={PMID: 32048841},

URL = { 
    
        https://doi.org/10.1021/acs.chemrev.9b00518
    
    

},
eprint = { 
    
        https://doi.org/10.1021/acs.chemrev.9b00518
    
    

}

}


