
@Article{Tersoff,
  author = {Tersoff, J.},
  doi = {10.1103/PhysRevLett.61.2879},
  issue = {25},
  journal = {Physical Review Letters},
  month = {Dec},
  pages = {2879--2882},
  publisher = {American Physical Society},
  title = {Empirical Interatomic Potential for Carbon, with Applications to Amorphous Carbon},
  url = {https://link.aps.org/doi/10.1103/PhysRevLett.61.2879},
  volume = {61},
  year = {1988},
}
