
@article{ WOS:000077975600003,
Author = {Miyoshi, K},
Title = {Structures and mechanical properties of natural and synthetic diamonds},
Journal = {DIAMOND FILMS AND TECHNOLOGY},
Year = {1998},
Volume = {8},
Number = {3},
Pages = {153-172},
ISSN = {0917-4540},
Unique-ID = {WOS:000077975600003},
}
