
@article{ WOS:000381418000038,
Author = {Salustro, Simone and Erba, Alessandro and Zicovich-Wilson, Claudio M.
   and Noel, Yves and Maschio, Lorenzo and Dovesi, Roberto},
Title = {Infrared and Raman spectroscopic features of the self-interstitial
   defect in diamond from exact-exchange hybrid DFT calculations},
Journal = {PHYSICAL CHEMISTRY CHEMICAL PHYSICS},
Year = {2016},
Volume = {18},
Number = {31},
Pages = {21288-21295},
Month = {AUG 31},
DOI = {10.1039/c6cp02403c},
ISSN = {1463-9076},
EISSN = {1463-9084},
ResearcherID-Numbers = {Maschio, Lorenzo/C-3141-2009
   Erba, Alessandro/B-8807-2009
   NOEL, yves/B-8494-2009
   Zicovich-Wilson, Claudio/B-7789-2015},
ORCID-Numbers = {Maschio, Lorenzo/0000-0002-4657-9439
   Erba, Alessandro/0000-0002-2986-4254
   Zicovich-Wilson, Claudio/0000-0001-6116-9166},
Unique-ID = {WOS:000381418000038},
}
