
@article{ WOS:000257529300055,
Author = {Velthuis, J. J. and Mathes, M. and Kagan, H. and Cristinziani, M. and
   Reuen, L. and Smith, S. and Trischuk, W. and Wermes, N.},
Title = {Radiation hard diamond pixel detectors},
Journal = {NUCLEAR INSTRUMENTS \& METHODS IN PHYSICS RESEARCH SECTION
   A-ACCELERATORS SPECTROMETERS DETECTORS AND ASSOCIATED EQUIPMENT},
Year = {2008},
Volume = {591},
Number = {1},
Pages = {221-223},
Month = {JUN 11},
Note = {9th International Workshop on Radiation Imaging Detectors, Univ
   Erlangen, Nuremberg, GERMANY, JUL 22-26, 2007},
DOI = {10.1016/j.nima.2008.03.061},
ISSN = {0168-9002},
ResearcherID-Numbers = {Velthuis, Jaap/AAL-4020-2020
   },
ORCID-Numbers = {Velthuis, Jaap/0000-0002-4649-3221
   Cristinziani, Markus/0000-0003-3893-9171},
Unique-ID = {WOS:000257529300055},
}
