
@article{ WOS:000752043000001,
Author = {Gray, R. L. and Rushton, M. J. D. and Murphy, S. T.},
Title = {Molecular dynamics simulations of radiation damage in
   YBa<sub>2</sub>Cu<sub>3</sub>O<sub>7</sub>},
Journal = {SUPERCONDUCTOR SCIENCE \& TECHNOLOGY},
Year = {2022},
Volume = {35},
Number = {3},
Month = {MAR 1},
DOI = {10.1088/1361-6668/ac47dc},
Article-Number = {035010},
ISSN = {0953-2048},
EISSN = {1361-6668},
ResearcherID-Numbers = {Murphy, Samuel/E-9574-2011
   Rushton, Michael/C-9437-2012
   },
ORCID-Numbers = {Rushton, Michael/0000-0001-7650-4377
   Gray, Rebecca/0000-0001-5226-4428
   Murphy, Samuel/0000-0001-7605-9613},
Unique-ID = {WOS:000752043000001},
}
