
@article{ WOS:000332343800003,
Author = {Deak, Peter and Aradi, Balint and Kaviani, Moloud and Frauenheim, Thomas
   and Gali, Adam},
Title = {Formation of NV centers in diamond: A theoretical study based on
   calculated transitions and migration of nitrogen and vacancy related
   defects},
Journal = {PHYSICAL REVIEW B},
Year = {2014},
Volume = {89},
Number = {7},
Month = {FEB 4},
DOI = {10.1103/PhysRevB.89.075203},
Article-Number = {075203},
ISSN = {2469-9950},
EISSN = {2469-9969},
ResearcherID-Numbers = {Kaviani, Mohammad Javad/T-9205-2019
   Aradi, Bálint/F-8440-2011
   Gali, Adam/AAT-2288-2020
   Frauenheim, Thomas/C-5653-2015
   },
ORCID-Numbers = {Gali, Adam/0000-0002-3339-5470
   Frauenheim, Thomas/0000-0002-3073-0616
   Aradi, Balint/0000-0001-7182-841X},
Unique-ID = {WOS:000332343800003},
}
